@misc{glisc,
	author={{Grey Literature International Steering Committee}},
	title={{GLISC}},
	month={oct},
	year={2014},
	note = "[Online; acedido em Outubro 2014]"
}
@misc{santiago-bernabeu,
  author       = {Real Madrid C.F.},
  title        = {Real Madrid C.F. - Santiago Bernab√©u},
  day		   = {12},
  month		   = {nov},
  year         = {2023},
  url		  = {https://www.realmadrid.com/pt/noticias/2020/12/14/o-santiago-bernabeu-completa-73-anos}
}
@misc{realmadrid,
  author       = {Real Madrid C.F.},
  title        = {Real Madrid C.F.},
  day		   = {12},
  month		   = {nov},
  year         = {2023},
  url		  = {https://www.realmadrid.com/pt}

}
@misc{realmadrid-wiki,
  author       = {Wikipedia},
  title        = {Real Madrid C.F.},
  day		   = {12},
  month		   = {nov},
  year         = {2023},
  url		  = {https://pt.wikipedia.org/wiki/Real_Madrid_Club_de_F%C3%BAtbol}
}
@misc{realmadrid-Imagens,
  author       = {},
  title        = {Imagens Real Madrid C.F.},
  day		   = {12},
  month		   = {nov},
  year         = {2023},
  url		  = {https://www.gettyimages.pt/fotos/real-madrid}
}
@misc{realmadrid-estatisticas,
  author       = {Zero Zero},
  title        = {Estatisticas Real Madrid C.F.},
  day		   = {12},
  month		   = {nov},
  year         = {2023},
  url		  = {https://www.zerozero.pt/equipa/real-madrid}
}
@misc{champions,
  author       = {UEFA},
  title        = {Champions League},
  day		   = {25},
  month		   = {nov},
  year         = {2023},
  url		  = {https://pt.uefa.com/uefachampionsleague/history/clubs/50051--real-madrid/}
}